<record><leader>00000cas a22000007a 4500</leader><controlfield tag="001">26091184</controlfield><controlfield tag="007">cr un|||||||||</controlfield><controlfield tag="008">920626d19912001caumr ne      0   a0eng c</controlfield><datafield ind1=" " ind2=" " tag="010"><subfield code="a">sn 92004396 </subfield></datafield><datafield ind1=" " ind2=" " tag="040"><subfield code="a">NSD</subfield><subfield code="b">eng</subfield><subfield code="c">NSD</subfield><subfield code="d">CUS</subfield><subfield code="d">OCLCQ</subfield><subfield code="d">CLU</subfield><subfield code="d">CUS</subfield><subfield code="d">OCLCF</subfield><subfield code="d">OCLCO</subfield></datafield><datafield ind1=" " ind2=" " tag="012"><subfield code="k">1</subfield><subfield code="j">1</subfield><subfield code="m">1</subfield></datafield><datafield ind1="1" ind2=" " tag="022"><subfield code="a">1063-6412</subfield><subfield code="l">1063-6412</subfield><subfield code="2">1</subfield></datafield><datafield ind1="1" ind2=" " tag="029"><subfield code="a">AU@</subfield><subfield code="b">000021432732</subfield></datafield><datafield ind1="1" ind2=" " tag="029"><subfield code="a">AU@</subfield><subfield code="b">000053273253</subfield></datafield><datafield ind1=" " ind2=" " tag="032"><subfield code="a">008506</subfield><subfield code="b">USPS</subfield></datafield><datafield ind1=" " ind2=" " tag="037"><subfield code="b">Korea Times Los Angeles, 141 N. Vermont Ave., Los Angeles, CA 90004-4896</subfield></datafield><datafield ind1=" " ind2=" " tag="042"><subfield code="a">nsdp</subfield><subfield code="a">pcc</subfield></datafield><datafield ind1=" " ind2=" " tag="043"><subfield code="a">n-us-ca</subfield></datafield><datafield ind1="0" ind2=" " tag="130"><subfield code="a">Korea times (English ed.)</subfield></datafield><datafield ind1=" " ind2="0" tag="222"><subfield code="a">Korea times</subfield><subfield code="b">(English ed.)</subfield></datafield><datafield ind1="0" ind2="0" tag="245"><subfield code="a">Korea times.</subfield></datafield><datafield ind1=" " ind2=" " tag="250"><subfield code="a">Weekly English ed.</subfield></datafield><datafield ind1=" " ind2=" " tag="260"><subfield code="a">Los Angeles, CA :</subfield><subfield code="b">The Korea Times Los Angeles, Inc.,</subfield></datafield><datafield ind1=" " ind2=" " tag="300"><subfield code="a">v.</subfield></datafield><datafield ind1=" " ind2=" " tag="310"><subfield code="a">Monthly,</subfield><subfield code="b">Aug. 1996-Oct. 2001</subfield></datafield><datafield ind1=" " ind2=" " tag="321"><subfield code="a">Weekly (except the week of New Year's Day),</subfield><subfield code="b">Nov. 4, 1991-</subfield></datafield><datafield ind1=" " ind2=" " tag="321"><subfield code="a">Biweekly (except the week of New Year's Day),</subfield><subfield code="b">&lt;July 14, 1993-July 12, 1996&gt;</subfield></datafield><datafield ind1="0" ind2=" " tag="362"><subfield code="a">Nov. 4, 1991-</subfield></datafield><datafield ind1="1" ind2=" " tag="362"><subfield code="a">Ceased with v. 10, no. 10 (Oct. 2001).</subfield></datafield><datafield ind1=" " ind2=" " tag="500"><subfield code="a">Issues for &lt;July 14, 1993-&gt; called Bi-Weekly English ed.</subfield></datafield><datafield ind1=" " ind2=" " tag="500"><subfield code="a">Issues for &lt;Apr. 6, 1994-&gt; called Monthly English ed.</subfield></datafield><datafield ind1=" " ind2=" " tag="500"><subfield code="a">Issues for &lt;July 12, 1996-&gt; called National English ed.</subfield></datafield><datafield ind1=" " ind2=" " tag="500"><subfield code="a">Issues for Aug. 1996-Oct. 2001 called Bilingual ed.</subfield></datafield><datafield ind1=" " ind2=" " tag="515"><subfield code="a">Issues for &lt;May 18, 1992-&gt; also called: Vol. 1, no. 28.</subfield></datafield><datafield ind1=" " ind2=" " tag="530"><subfield code="a">Available also on microfilm.</subfield></datafield><datafield ind1=" " ind2=" " tag="530"><subfield code="a">Also available by subscription via the World Wide Web.</subfield></datafield><datafield ind1=" " ind2=" " tag="546"><subfield code="a">Issues for 1991-&lt;July 12, 1996&gt; in English; issues for Aug. 1996-Oct. 2001 in English and Korean.</subfield></datafield><datafield ind1=" " ind2=" " tag="580"><subfield code="a">Continues the English section of: Han&#700;guk ilbo, Rosu&#774;enjelsu&#774;, The Korea times Los Angeles edition.</subfield></datafield><datafield ind1=" " ind2=" " tag="588"><subfield code="a">Latest issue consulted: Vol. 10, no. 10 (Oct. 2001) (surrogate).</subfield></datafield><datafield ind1=" " ind2="0" tag="651"><subfield code="a">Los Angeles (Calif.)</subfield><subfield code="v">Newspapers.</subfield></datafield><datafield ind1=" " ind2="0" tag="650"><subfield code="a">Korean Americans</subfield><subfield code="v">Newspapers.</subfield></datafield><datafield ind1=" " ind2="7" tag="655"><subfield code="a">Newspapers.</subfield><subfield code="2">fast</subfield><subfield code="0">(OCoLC)fst01423814</subfield></datafield><datafield ind1=" " ind2="7" tag="650"><subfield code="a">Korean Americans.</subfield><subfield code="2">fast</subfield><subfield code="0">(OCoLC)fst00988587</subfield></datafield><datafield ind1=" " ind2="7" tag="651"><subfield code="a">California</subfield><subfield code="z">Los Angeles.</subfield><subfield code="2">fast</subfield><subfield code="0">(OCoLC)fst01204540</subfield></datafield><datafield ind1=" " ind2=" " tag="752"><subfield code="a">United States</subfield><subfield code="b">California</subfield><subfield code="c">Los Angeles</subfield><subfield code="d">Los Angeles.</subfield></datafield><datafield ind1="0" ind2="8" tag="776"><subfield code="i">Online version:</subfield><subfield code="t">Korea times (English ed. : Online)</subfield><subfield code="x">0023-3935</subfield><subfield code="w">(OCoLC)42819972</subfield></datafield><datafield ind1="1" ind2="7" tag="780"><subfield code="t">Han&#700;guk ilbo, Rosu&#774;enjelsu&#774;</subfield><subfield code="x">0746-4312</subfield><subfield code="w">(DLC)sn 83004545</subfield><subfield code="w">(OCoLC)10037273</subfield></datafield><datafield ind1="4" ind2=" " tag="856"><subfield code="z">Link not valid as of October 5, 2010:</subfield><subfield code="u">http://www.softlineweb.com/softlineweb/ethnic.htm</subfield></datafield><datafield ind1="4" ind2="1" tag="856"><subfield code="u">http://proquest.umi.com/pqdweb?RQT=318&amp;TS=1286344251&amp;VType=PQD&amp;VName=PQD&amp;VInst=PROD&amp;pmid=58742&amp;PageNum=1</subfield></datafield></record>